<mx:record xmlns="http://www.w3.org/TR/xhtml1/strict" xmlns:mx="http://www.loc.gov/MARC21/slim" xmlns:xsi="http://www.w3.org/2001/XMLSchema-instance"><mx:leader>00000cz 2200000n 4500</mx:leader><mx:controlfield tag="001">oca02762650 </mx:controlfield><mx:controlfield tag="003">OCoLC</mx:controlfield><mx:controlfield tag="005">20060525093247.0</mx:controlfield><mx:controlfield tag="008">900613n| acannaab |a aaa c</mx:controlfield><mx:datafield ind1=" " ind2=" " tag="010"><mx:subfield code="a">no 90012163 </mx:subfield></mx:datafield><mx:datafield ind1=" " ind2=" " tag="040"><mx:subfield code="a">InU</mx:subfield><mx:subfield code="c">InU</mx:subfield><mx:subfield code="d">UPB</mx:subfield><mx:subfield code="d">DLC</mx:subfield></mx:datafield><mx:datafield ind1="1" ind2=" " tag="100"><mx:subfield code="a">Cornutus, Lucius Annaeus,</mx:subfield><mx:subfield code="d">1st cent.</mx:subfield></mx:datafield><mx:datafield ind1="1" ind2=" " tag="400"><mx:subfield code="a">Phurnutus, Lucius Annaeus,</mx:subfield><mx:subfield code="d">1st cent.</mx:subfield></mx:datafield><mx:datafield ind1=" " ind2=" " tag="670"><mx:subfield code="a">His Lucius Annaeus Cornutus' Epidrome, 1983.</mx:subfield></mx:datafield><mx:datafield ind1=" " ind2=" " tag="670"><mx:subfield code="a">Encyc. Brit., 15th ed.</mx:subfield><mx:subfield code="b">(Cornutus, Lucius Annaeus, fl. A.D. 54-68; Roman Stoic
        philosopher)</mx:subfield></mx:datafield><mx:datafield ind1=" " ind2=" " tag="670"><mx:subfield code="a">Seyffert, O. Dict. of classical antiq., 1961</mx:subfield><mx:subfield code="b">(Cornutus, Lucius Annaeus, middle of 1st cent.)</mx:subfield></mx:datafield><mx:datafield ind1=" " ind2=" " tag="670"><mx:subfield code="a">LC classification schedule : PA6375.C8</mx:subfield><mx:subfield code="b">(Cornutus, Lucius Annaeus, fl. 65 A.D.)</mx:subfield></mx:datafield><mx:datafield ind1=" " ind2=" " tag="670"><mx:subfield code="a">Oxford comp. to classical lit., 1959</mx:subfield><mx:subfield code="b">(Cornutus, Lucius Annaeus)</mx:subfield></mx:datafield><mx:datafield ind1=" " ind2=" " tag="670"><mx:subfield code="a">Cornuti sive Phurnuti De natura deorum ... 1543?</mx:subfield></mx:datafield><mx:datafield ind1=" " ind2=" " tag="999"><mx:subfield code="a">1355.5191</mx:subfield></mx:datafield></mx:record>